@Book {blr,
    AUTHOR = {Bosch, Siegfried and L{\"u}tkebohmert, Werner and Raynaud,
              Michel},
     TITLE = {N\'eron models},
    SERIES = {Ergebnisse der Mathematik und ihrer Grenzgebiete (3) [Results
              in Mathematics and Related Areas (3)]},
    VOLUME = {21},
 PUBLISHER = {Springer-Verlag},
   ADDRESS = {Berlin},
      YEAR = {1990},
     PAGES = {x+325},
      ISBN = {3-540-50587-3},
   MRCLASS = {14K15 (11G10 14L15)},
  MRNUMBER = {1045822 (91i:14034)},
MRREVIEWER = {James Milne},
}

@Article{bosch-liu1999,
    AUTHOR = {Bosch, Siegfried and Liu, Qing},
     TITLE = {Rational points of the group of components of a {N}\'eron
              model},
   JOURNAL = {Manuscripta Math.},
  FJOURNAL = {Manuscripta Mathematica},
    VOLUME = {98},
      YEAR = {1999},
    NUMBER = {3},
     PAGES = {275--293},
      ISSN = {0025-2611},
     CODEN = {MSMHB2},
   MRCLASS = {11G10 (11G25 14G20 14K15 14L15)},
  MRNUMBER = {1717533 (2000i:11094)},
MRREVIEWER = {Dino J. Lorenzini},
       DOI = {10.1007/s002290050140},
       URL = {http://dx.doi.org/10.1007/s002290050140},
}

@Article{raynaud1970,
     AUTHOR = {Raynaud, M.},
      TITLE = {Sp\'ecialisation du foncteur de {P}icard},
    JOURNAL = {Inst. Hautes \'Etudes Sci. Publ. Math.},
   FJOURNAL = {Institut des Hautes \'Etudes Scientifiques. Publications               Math\'ematiques},
     NUMBER = {38},
       YEAR = {1970},
      PAGES = {27--76},
       ISSN = {0073-8301},
    MRCLASS = {14.55},
   MRNUMBER = {0282993 (44 \#227)},
 MRREVIEWER = {R. T. Hoobler},
 } 		

@book {silvermanAEC,
    AUTHOR = {Silverman, Joseph H.},
     TITLE = {The arithmetic of elliptic curves},
      NOTE = {Corrected reprint of the 1986 original},
 PUBLISHER = {Springer-Verlag},
   ADDRESS = {New York},
      YEAR = {1992},
     PAGES = {xii+400},
      ISBN = {0-387-96203-4},
   MRCLASS = {11G05 (14H52)},
  MRNUMBER = {95m:11054},
}


@book {silvermanATAEC,
    AUTHOR = {Silverman, Joseph H.},
     TITLE = {Advanced topics in the arithmetic of elliptic curves},
 PUBLISHER = {Springer-Verlag},
   ADDRESS = {New York},
      YEAR = {1994},
     PAGES = {xiv+525},
      ISBN = {0-387-94328-5},
   MRCLASS = {11G05 (11G07 11G15 11G40 14H52)},
  MRNUMBER = {96b:11074},
MRREVIEWER = {Henri Darmon},
}